@article{barr2012suicides,
  title={Suicides associated with the 2008-10 economic recession in England: time trend analysis},
  author={Barr, Ben and Taylor-Robinson, David and Scott-Samuel, Alex and McKee, Martin and Stuckler, David},
  journal={Bmj},
  volume={345},
  pages={e5142},
  year={2012},
  publisher={British Medical Journal Publishing Group}
}